<?xml version="1.0" encoding="UTF-8"?>
<record xmlns="http://www.loc.gov/MARC21/slim" xmlns:xsi="http://www.w3.org/2001/XMLSchema-instance" xsi:schemaLocation="http://www.loc.gov/MARC21/slim http://www.loc.gov/standards/marcxml/schema/MARC21slim.xsd">
<leader>00000cam a22      i 4500</leader>
<controlfield tag="001">001677097</controlfield>
<controlfield tag="003">NNU</controlfield>
<controlfield tag="005">20150605165446.0</controlfield>
<controlfield tag="008">020317s1931    ua            000 0 ara d</controlfield>
<datafield tag="035" ind1=" " ind2=" ">
<subfield code="a">(OCoLC)49333693</subfield>
</datafield>
<datafield tag="040" ind1=" " ind2=" ">
<subfield code="a">ZCU</subfield>
<subfield code="b">eng</subfield>
<subfield code="c">ZCU</subfield>
<subfield code="d">LGG</subfield>
<subfield code="d">OCLCQ</subfield>
<subfield code="d">OCLCO</subfield>
<subfield code="d">OCLCA</subfield>
<subfield code="d">OCLCF</subfield>
</datafield>
<datafield tag="050" ind1=" " ind2="4">
<subfield code="a">BP131.5</subfield>
<subfield code="b">.I2 1931</subfield>
</datafield>
<datafield tag="100" ind1="1" ind2=" ">
<subfield code="6">880-01</subfield>
<subfield code="a">Ibn al-Jazarī, Muḥammad ibn Muḥammad,</subfield>
<subfield code="d">1350-1429.</subfield>
</datafield>
<datafield tag="245" ind1="1" ind2="0">
<subfield code="6">880-02</subfield>
<subfield code="a">Munjid al-muḳriʻīn wa murshid al-ṭālibīn /</subfield>
<subfield code="c">li-Shaykh Shams al-Dīn Abī al-Khayr Muḥammad ibn Muḥammad ibn al-Jazarī.</subfield>
</datafield>
<datafield tag="260" ind1=" " ind2=" ">
<subfield code="6">880-03</subfield>
<subfield code="a">al-Qāhirah :</subfield>
<subfield code="b">Maktabat al-Qudusī,</subfield>
<subfield code="c">1350 [1931 or 1932]</subfield>
</datafield>
<datafield tag="300" ind1=" " ind2=" ">
<subfield code="a">4, 79 pages</subfield>
<subfield code="c">24 cm</subfield>
</datafield>
<datafield tag="336" ind1=" " ind2=" ">
<subfield code="a">text</subfield>
<subfield code="b">txt</subfield>
<subfield code="2">rdacontent</subfield>
</datafield>
<datafield tag="337" ind1=" " ind2=" ">
<subfield code="a">unmediated</subfield>
<subfield code="b">n</subfield>
<subfield code="2">rdamedia</subfield>
</datafield>
<datafield tag="338" ind1=" " ind2=" ">
<subfield code="a">volume</subfield>
<subfield code="b">nc</subfield>
<subfield code="2">rdacarrier</subfield>
</datafield>
<datafield tag="630" ind1="0" ind2="0">
<subfield code="a">Qurʾan.</subfield>
</datafield>
<datafield tag="630" ind1="0" ind2="7">
<subfield code="a">Qurʼan.</subfield>
<subfield code="2">fast</subfield>
<subfield code="0">(OCoLC)fst01842877</subfield>
</datafield>
<datafield tag="880" ind1="1" ind2=" ">
<subfield code="6">100-01/</subfield>
<subfield code="a">ابن الجزري، محمد بن محمد،</subfield>
<subfield code="d">1350-1429.</subfield>
</datafield>
<datafield tag="880" ind1="1" ind2="0">
<subfield code="6">245-02/</subfield>
<subfield code="a">منجد المكرعين و مرشد الطالين /</subfield>
<subfield code="c">لشيخ شمس الدين ابي الخير محمد بن محمد بن الجزري.</subfield>
</datafield>
<datafield tag="880" ind1=" " ind2=" ">
<subfield code="6">260-03/</subfield>
<subfield code="a">القاهرة :</subfield>
<subfield code="b">مكتبة القدسي،</subfield>
<subfield code="c">1350 [1931 or 1932]</subfield>
</datafield>
<datafield tag="OWN" ind1=" " ind2=" ">
<subfield code="a">GENERAL</subfield>
</datafield>
<datafield tag="AVA" ind1=" " ind2=" ">
<subfield code="a">NYU50</subfield>
<subfield code="b">BOBST</subfield>
<subfield code="c">Main Collection</subfield>
<subfield code="d">BP131.5 .I23</subfield>
<subfield code="e">unavailable</subfield>
<subfield code="t">Unavailable</subfield>
<subfield code="f">1</subfield>
<subfield code="g">1</subfield>
<subfield code="h">N</subfield>
<subfield code="i">1</subfield>
<subfield code="j">MAIN</subfield>
<subfield code="k">0</subfield>
</datafield>
</record>
